@Article{brandon:2008,
  Title                    = {Use of Ada in a Student CubeSat Project},
  Author                   = {Carl S. Brandon},
  Journal                  = {Ada User Journal},
  Year                     = {2008},
  Number                   = {3},
  Volume                   = {29}
}

@Article{brandon:2020,
  Title                    = {From Physicist to Rocket Scientist and How to Make a CubeSat That Works},
  Author                   = {Carl S. Brandon},
  Journal                  = {Ada User Journal},
  Year                     = {2020},
  Number                   = {1},
  Volume                   = {41}
}

